2976 5020
447 473 456 554 3
562 477 779 590 ⁸¹8-

133 669 432 751 daismnm'ipsum
447 662 609 734 Ammaeo
620 649 666 737 'et
680 637 833 732 Hebraeo
856 685 1005 731 sermone
1028 667 1194 737 aJndaeis

138 795 271 857 prorsus
292 771 457 854 permistis
480 777 586 858 ortum
607 769 736 836 demum
759 784 831 833 esse
853 767 996 836 dixerat.
1039 760 1202 839 Aarior'L'
1268 833 1273 849 ,

138 877 204 943 lius
223 875 253 960 ²)
278 882 365 940 certe
390 875 445 955 qui
466 875 589 954 primus
608 873 842 938 accuratiorem
862 861 981 938 horum
1001 872 1194 944 idiomatum

138 979 413 1059 comparationem
445 975 589 1039 instituit
618 976 653 1036 in
677 971 950 1054 disputationibus
979 972 1102 1040 duabus
1123 974 1193 1057 Up-
1264 1013 1265 1022 ι

134 1078 226 1144 salae
249 1084 332 1146 1773
354 1076 499 1159 habitis,
517 1097 650 1158 quarum
671 1075 885 1156 posteriorem
906 1073 932 1138 l.
951 1071 994 1138 D.
1016 1073 1192 1168 Michaelis
1309 1105 1311 1110 ¹

138 1185 173 1246 in
203 1179 331 1266 sylloge
361 1199 419 1244 sua
455 1179 725 1260 communicavit,
761 1199 796 1241 se
824 1175 958 1240 Amirae
989 1181 1194 1258 potissimum

29 1353 30 1358 γ
95 1270 101 1277 ’
137 1286 335 1348 sententiam
368 1282 495 1345 munire
528 1276 674 1344 voluisse
707 1280 872 1361 professus
906 1285 976 1359 est,
1019 1281 1193 1349 discrimen
1309 1309 1314 1324 ¹

137 1389 244 1467 ipsum¹
275 1404 354 1448 vero
384 1403 552 1463 exponens
566 1380 661 1446 ‘licet
689 1385 768 1446 satis
792 1387 886 1446 caute
907 1379 1097 1464 plerumque
1115 1407 1193 1456 ver·

138 1495 227 1553 satus
250 1486 310 1568 sit,
332 1494 441 1550 tarnen
455 1483 666 1552 Hebraismos
687 1486 807 1564 partim
828 1481 886 1547 ubi
903 1483 1005 1547 refert
1026 1487 1193 1552 nonsatis

137 1597 175 1655 nt
204 1584 482 1668 tales'deolarat,
515 1585 634 1668 partim
655 1607 724 1675 non
744 1607 856 1649 omnes
879 1588 1080 1670 congessisse
1101 1588 1193 1653 vide·
1269 1619 1273 1622 ·
1300 1585 1305 1600 '

116 1699 200 1756 *tnr-
243 1687 345 1756 1:12.
369 1684 549 1754 Michaelis
573 1688 648 1768 ipse
669 1691 719 1752 ita
746 1686 896 1768 aequalia
918 1685 998 1750 haec
1022 1688 1085 1768 duo
1107 1691 1193 1755 idio·
1301 1727 1328 1744 ‚-
1357 1707 1363 1716 ·

137 1799 226 1856 mata
256 1811 328 1856 esse
357 1791 597 1872 pronuntiavit,
627 1795 666 1854 ut
694 1789 866 1854 dummodo
898 1787 1036 1854 alterum
1058 1789 1200 1856 alterius·

114 1892 242 1958 ‘literis
266 1889 472 1973 scriberetur,
494 1913 553 1974 pro
576 1889 679 1957 altero
693 1889 810 1956 haberi
826 1899 945 1973 possets
991 1889 1193 1976 Quamquam

137 1994 196 2061 nbi
217 1993 431 2058 Chaldaicam
452 1991 677 2076 etssyrr'acam
700 1993 836 2058 eandem
858 1993 1003 2080 linguam
1024 2017 1095 2060 esse
1117 2019 1193 2078 pro·
1259 2063 1260 2072 ,

135 2097 194 2161 hat
210 2097 253 2181 ³),
276 2093 513 2160 observandum
536 2100 587 2159 est
608 2117 682 2161 enm
700 2096 951 2177 descriptionem
972 2101 1075 2184 magis
1099 2121 1194 2180 quam

137 2197 291 2265 subtilem
323 2199 373 2263 rei
405 2199 509 2279 ipsius
545 2199 786 2278 expositionem
822 2205 1003 2280 spectasse,
1040 2203 1090 2265 uti
1120 2203 1215 2283 ipse
1241 2280 1246 2288 Ι

137 2302 315 2384 praefatur.
334 2317 338 2322 ·
360 2295 484 2362 Contra
506 2296 603 2362 valde
627 2298 806 2367 notabilem
827 2295 1045 2370 differentiam
1066 2301 1195 2368 Hebra-

137 2407 199 2468 icis
223 2405 254 2466 ei
274 2401 416 2464 sermoni
438 2400 571 2483 injectis
595 2397 684 2464 effici
705 2421 817 2465 rursus
846 2400 949 2466 Wadl
967 2408 1193 2490 propugnavit,

140 2506 195 2588 qui
217 2503 333 2568 eodem
355 2501 424 2564 fere
445 2507 592 2582 tempore
612 2523 685 2564 eum
708 2523 812 2584 neque
827 2506 1025 2578 aramaicum
1042 2505 1193 2570 occiden-

136 2605 238 2672 talem
267 2607 338 2668 sive
365 2605 494 2684 proprie
523 2603 705 2686 syriacum,
734 2625 837 2684 neque
867 2605 1059 2669 orientalem
1089 2607 1194 2689 qualis
1319 2610 1330 2636 ⁴

137 2710 237 2774 inerit
258 2710 296 2770 in·
314 2703 485 2788 Babylone
514 2711 591 2768 ante
612 2702 858 2787 Alexandrum,
886 2707 956 2785 sed·
970 2728 1016 2771 ex
1041 2706 1210 2772 hebraica

138 2817 172 2875 et
187 2809 324 2892 Syriaca
340 2805 472 2887 linguis
472 2808 618 2884 mixtum
635 2826 707 2870 esse
722 2806 895 2888 defendit,
902 2800 1006 2890 neoda
1021 2807 1195 2892 hybridam

138 2911 304 3008 appellare
322 2906 490 2972 dubitavit
508 2905 549 2990 ⁴).
594 2903 690 2983 Quod
703 2909 940 2974 recentioribus
954 2907 1117 2995 plerisque
1141 2917 1196 2995 qui

139 3033 212 3078 eam
240 3033 311 3076 rem
339 3015 561 3074 tractaverunt
597 2998 782 3091 displicuit,
821 3019 991 3092 postquam
1027 3011 1212 3112 Wsuerm·
1251 3089 1255 3103 Ι

141 3114 197 3196 qni
218 3114 492 3205 compprationem
516 3131 641 3192 quoque
662 3111 874 3180 brevemt
823 3118 874 3180 rot
875 3137 910 3180 er
931 3123 1100 3208 utramque
1123 3117 1193 3185 dia·

139 3216 284 3281 lectum·
275 3237 310 3279 m
331 3213 446 3277 limine
469 3211 707 3278 Grammaticae
727 3214 846 3300 suae⁵)
870 3218 1032 3298 instituit,
1052 3239 1091 3282 ea
1112 3240 1194 3300 quae
1245 3221 1249 3228 “

142 3299 340 3380 chaldaicae
363 3333 436 3400 enm
458 3313 611 3378 hebraica
634 3313 745 3401 lingua
767 3321 950 3382 communia
973 3321 1057 3400 sint,
1082 3327 1196 3400 utpote

142 3419 265 3504 exigua
282 3437 341 3500 pro
356 3413 579 3524 Babylonicae
594 3415 746 3483 dictionis
762 3421 959 3502 proprietate
974 3415 1087 3485 baberi
1100 3440 1196 3501 posse

145 3555 352 3586 a*

151 3657 156 3670 ’
209 3639 239 3703 2)
257 3639 390 3691 hunivillii
404 3639 524 3692 disserat.
540 3639 573 3690 ad
595 3653 686 3692 saeros
703 3641 744 3693 lit.
764 3619 926 3710 pertinentes
940 3641 983 3694 ed.
1003 3639 1025 3692 l.
1042 3640 1076 3694 D.
1096 3623 1196 3704 flicha-

82 3771 97 3788 ,
144 3720 194 3776 olis
215 3717 288 3778 (lon.
309 3731 336 3775 et
353 3725 525 3794 tripu-1790.
552 3725 708 3796 Prior-pars
733 3728 765 3780 ab
790 3731 840 3784 hoe
858 3729 1003 3802 comparari
1025 3743 1076 3779 non
1100 3727 1195 3796 potuit,

145 3810 278 3880 posterior
294 3810 437 3880 legiturp.
459 3811 618 3868 rot-¹22.
712 3847 714 3850 -

214 3893 241 3964 3)
261 3897 433 3962 abhandlung
449 3911 500 3950 ron
520 3899 568 3951 der·
588 3899 650 3970 Syr
668 3900 786 3969 Sprache
810 3908 864 3954 etc
884 3909 945 3954 anta
964 3891 1197 3983 Chrestomathinrn

147 3983 299 4068 ilyricum,
319 3983 460 4036 secundnm
483 3983 864 4046 edinonernll.Gott.1786
884 4004 910 4058 p
928 3988 1041 4057 o-,rs

146 4155 199 4210 576
216 4162 244 4206 et
263 4154 325 4212 847.

217 4237 328 4310 bihpz.
349 4224 427 4296 1824
447 4255 473 4310 p.
494 4243 620 4310 tirq.

378 4359 382 4366 ,
943 4333 961 4392 ¹
976 4331 992 4363 0

214 4063 243 4134 4)
270 4069 341 4134 nna
368 4068 525 4125 Gerebiobto
544 4072 591 4124 der
614 4075 740 4140 moreaul.
765 4074 825 4142 Spr.
850 4074 902 4127 und
926 4073 980 4126 Lit.
999 4072 1065 4140 [ιιι.
1084 4068 1196 4138 17841»
1338 4137 1341 4148 ,
1466 4147 1467 4156 ἵ
