2976 5020
224 655 229 674 ι
307 647 402 712 quem
424 626 489 693 soli
511 622 659 694 homines
688 565 882 692 eruditiores
910 622 1087 710 callerent,
1118 626 1152 692 id
1174 635 1306 716 agentes
1327 639 1365 698 nt

164 703 169 714 x
215 727 237 788 ’.
270 771 274 784 ·
304 729 427 818 populo
451 730 544 814 quasi
565 727 745 812 specimina
765 727 908 812 purioris
929 749 1025 810 qnam
1046 729 1162 812 apud
1151 752 1258 812 ipsum
1279 717 1364 800 obti-

297 823 415 898 ἰιιιιιιι
429 830 628 898 Aramaismi
642 837 871 914 proponerent,
894 821 960 896 sed
968 849 1042 896 cnm
1058 833 1238 914 scripturae
1253 855 1365 900 sacrae
1389 887 1396 895 .
1464 851 1465 856 ¹

304 955 400 1000 usum
428 931 563 1016 populo
574 935 748 998 restituere
777 931 1038 1015 familiaremque
1064 933 1201 1000 reddere
1228 935 1365 1018 vellent,

307 1056 370 1119 quo
392 1041 539 1115 tempore
562 1037 670 1100 miuus
688 1038 859 1120 sermonis
870 1035 1014 1129 studium
1031 1056 1128 1117 quam
1151 1033 1265 1132 crdtu's
1280 1040 1368 1102 sacri

191 1153 215 1160 ·'
306 1135 494 1202 intellectura
521 1144 556 1204 et
576 1138 782 1204 conservatio
805 1136 979 1223 agebatur,
1013 1137 1171 1224 idiomate
1200 1141 1365 1221 nonqdi-

121 1245 123 1254 ’
206 1296 209 1316 ,
235 1275 251 1312 =⁴
282 1239 443 1328 ¹busdam
464 1245 592 1316 tantum
620 1238 679 1308 scd
700 1238 851 1304 omnibus
878 1235 1068 1324 aequalibus
1090 1235 1266 1322 familiari,
1291 1243 1365 1326 jam

113 1375 138 1441 ἐκ
220 1355 222 1358 ’
307 1343 349 1410 ab
376 1343 472 1407 iditio
502 1343 671 1424 scripsisse
691 1340 865 1426 judicandi
893 1347 980 1406 sunt.
1013 1338 1122 1418 ‘Quod
1149 1341 1272 1409 idioma
1291 1364 1365 1408 cum

228 1538 231 1544 Ι
307 1450 434 1533 origine
462 1447 507 1512 stt
527 1443 756 1524 Arumaicnm,
785 1439 890 1508 multa
917 1462 996 1506 vero
1017 1440 1182 1509 Hebraica
1210 1444 1364 1530 adspersa

307 1548 445 1630 habeat,
475 1547 642 1630 quaeritur
670 1565 733 1628 qua
760 1541 1010 1672 necessitudine
1028 1567 1102 1624 cum
1125 1546 1262 1630 Syriaco
1284 1567 1363 1612 con·

193 1721 197 1758 Ι
302 1653 602 1843 jungllbrumque
592 1751 680 1816 idem
702 1749 772 1816 fere
793 1771 865 1815 esse
886 1751 1007 1818 Amc'ra
1028 1754 1167 1832 censuit,
1190 1753 1246 1836 qui
1267 1751 1365 1836 Syri,
1452 1791 1455 1798 ·

305 1875 397 1918 acam
421 1851 596 1920 dialectum
619 1852 708 1918 dixit
728 1849 968 1935 „Chaldaicam
989 1847 1210 1922 reformatam,
1213 1857 1237 1892 “
1278 1853 1362 1919 Lin-

303 1968 401 2042 guam
421 1953 573 2020 Danielis
600 1961 634 2020 et
652 1953 756 2022 Esraa
780 1961 910 2020 tanturn
940 1946 1064 2044 aliquid
1085 1955 1217 2020 differre
1239 1954 1282 2020 ab
1302 1955 1363 2022 illa

292 2047 346 2123 'ob
368 2057 527 2137 nonnulla
546 2055 711 2122 Hebraioa
737 2057 877 2126 admista
896 2051 1086 2124 Ludovicns
1116 2057 1158 2124 dc
1179 2055 1273 2132 Dice
1294 2064 1362 2124 sta·

302 2163 378 2242 tuit,
402 2159 539 2248 eandem
549 2165 670 2243 tamen
691 2156 836 2244 linguam
857 2143 1136 2239 essealfirmavit,
1151 2179 1241 2242 quac
1253 2163 1362 2226 minus

189 2287 193 2304 ι
303 2265 402 2330 etiam
425 2263 465 2328 ab
480 2233 621 2345 Syriaca
641 2258 798 2342 differret,
821 2282 874 2342 „su
864 2258 1133 2342 punctatoribus
1148 2258 1362 2340 placuissem
1411 2295 1415 2298 ·

302 2363 399 2430 Hunc
413 2365 483 2430 fere
498 2371 628 2430 secutus
643 2371 693 2429 est
713 2361 889 2432 Waltoauc
905 2365 971 2426 nisi
992 2361 1079 2444 quod
1099 2360 1188 2426 levia
1209 2360 1270 2426 illa
1291 2363 1359 2428 dis·

302 2469 452 2532 crimina
468 2465 549 2532 olim
578 2483 722 2548 quoque
733 2485 811 2530 vera
833 2463 1013 2528 obtinuisse
1044 2471 1078 2530 et
1104 2485 1178 2528 cum
1199 2463 1283 2530 Esra
1312 2487 1358 2532 ex

302 2571 492 2652 captivitate
507 2565 830 2650 Babylonicaredux
852 2568 1036 2648 scripserit,
1058 2564 1263 2650 Babyloniae
1282 2588 1356 2652 pro·

177 2711 185 2719 .,
204 2741 224 2760 Α
300 2673 429 2758 vinciae
458 2666 631 2736 tribuenda
657 2669 795 2749 putavit.
841 2664 938 2751 Quod
965 2674 1135 2750 postquam
1157 2669 1381 2738 Artemam.

301 2771 342 2836 dc
372 2769 504 2836 dialecti
533 2772 720 2839 discrimine
756 2771 843 2834 inter
870 2767 1067 2856 Αιιιιιιιιιιι
1101 2772 1294 2840 orientalem
1325 2780 1361 2840 et
1407 2809 1414 2819 ,

265 2927 269 2933 .
301 2873 555 2954 occidentalem,
583 2870 714 2938 saeculo
737 2872 849 2954 quinto
876 2871 1122 2954 animadverso,
1150 2873 1359 2956 Barbebrneo
1387 2889 1396 2912 ⁸

300 2979 385 3042 teste
408 2973 540 3058 retulit,
563 2978 683 3040 certius
706 2976 805 3038 etiam
827 2972 868 3036 de
889 2972 1080 3055 prioreJrllo
1100 2981 1245 3058 tempore
1264 2978 1359 3068 judi·

300 3079 369 3141 cari
398 3079 506 3142 visum
535 3084 602 3158 est,
632 3077 718 3143 unde
748 3078 814 3140 iam
844 3072 926 3140 haec
950 3080 1117 3143 sententia
1144 3098 1165 3158 a
1193 3077 1359 3160 plerisque

205 3225 207 3228 -
259 3221 262 3224 -
299 3174 432 3260 recepta
452 3165 520 3262 est,
552 3174 765 3270 Chaldaicum
785 3185 823 3242 ιιι
839 3177 1004 3243 orientale
1031 3179 1154 3244 idioma
1175 3200 1196 3242 a
1218 3179 1357 3264 Syriaco

299 3285 338 3346 ut
352 3333 354 3340 .
367 3279 562 3346 occidentali
590 3283 768 3364 antiquitas
790 3279 979 3344 distinctum
1007 3279 1120 3346 fuisse.
1173 3279 1357 3348 Oblocutns

170 3403 178 3410 ·
301 3388 371 3446 erat
398 3371 795 3465 primur-Luereter'o21)
829 3373 980 3464 certain
1001 3401 1042 3444 eo
1064 3371 1158 3462 duod.
1178 3381 1354 3448 dialectum
1410 3421 1413 3430 =

300 3482 395 3548 uobis
417 3479 629 3570 'Chaldaicam
651 3483 772 3548 dictam
794 3490 939 3549 veterem
957 3479 1190 3564 Babylonicum
1213 3491 1247 3548 et
1268 3488 1355 3549 nati·

296 3589 375 3672 vam
407 3583 646 3680 Chaldaeorum
675 3585 821 3671 linguam
849 3583 952 3648 fuisse
980 3584 1130 3668 negavit,
1167 3605 1187 3648 a
1216 3584 1355 3668 Syriaca

273 3669 408 3751 ‘autem
443 3688 491 3752 ita
523 3710 596 3754 eam
631 3666 786 3754 distinxit
819 3692 856 3749 ut
882 3683 982 3750 Neo-
993 3685 1154 3748 Ebraeam
1187 3685 1354 3768 appellare
1464 3745 1465 3766 ,

217 3796 221 3800 ’
298 3787 422 3854 mallet.
453 3787 551 3855 Illud
571 3800 651 3854 vero
672 3791 824 3871 quoniam
846 3789 881 3850 in
900 3785 986 3850 libro
1008 3784 1181 3856 cenaene
1191 3786 1351 3881 Chaldaei
1438 3847 1449 3872 Ι

29 3969 35 3976 Q
118 3935 123 3944 ·
297 3891 384 3956 inter
404 3891 588 3958 Semitas
568 3913 634 3956 aon
655 3912 721 3956 uuo
743 3889 817 3955 loco
840 3889 1015 3955 recenseri·
1030 3887 1242 3968 videbantur,
1270 3893 1350 3952 tunc
1464 3901 1465 3928 ι

128 3979 158 4052 ⁸·
213 4090 218 4100 Ι
264 4008 276 4061 “.
297 3994 431 4060 minime
461 4000 628 4076 acceptum
656 3999 716 4058 ιιι.
759 3989 844 4058 Non
861 3992 965 4074 magis
994 3988 1119 4072 placuit
1138 3988 1225 4071 qnod
1246 3985 1352 4052 Chal·
1395 3978 1401 4052 s
1464 4095 1465 4106 ἵ

298 4143 507 4166 ’ψ--ι

261 4285 264 4290 ,
365 4191 1124 4300 ΜΜΜΜψΜΜΗ
